\usepackage{hyperref}


@misc{peter_fleury,
    author    = "Peter Fleury",
    title     = "Interfacing a HD44780 Based LCD to an AVR",
    url       ="http://www.peterfleury.epizy.com/avr-lcd44780.html",
    urldate = "2021"
}

@misc{github,
    author    =  "Robson Couto" ,
    title     = "Arduino songs",
    url       = "https://github.com/robsoncouto/arduino-songs",
    urldate = {2021}
}

@misc{electrical_tutorial,
    %author    = "Jcohen",
    title     = "Electrical Waveforms and Electrical Signals.",
    url       = "https://www.electronics-tutorials.ws/waveforms/waveforms.html",
    urldate = {2021}
}

@misc{maxEmbedded,
%    author    = " Amazom website",
    title     = "I/O Port Operations in AVR",
    url       = "https://maxembedded.com/2011/06/port-operations-in-avr/",
    urldate = {2021}
}

@misc{Circuit_Digestf,
%    author    = "",
    title     = "4x4 Keypad Interfacing with ATmega32 Microcontroller",
    url       = "https://www.electronics-tutorials.ws/waveforms/waveforms.html",
    urldate = {2021}
}

@misc{atmega,
    author    = "ATMEL",
    title     = "Atmega 328p Data sheet",
    url       = "https://ww1.microchip.com/downloads/en/DeviceDoc/Atmel-7810-Automotive-Microcontrollers-ATmega328P_Datasheet.pdf",
    urldate = {2021}
}

@misc{lcd,
    author ="XIAMEN",
    title  ="16x2 LCD Module",
    url    ="https://components101.com/sites/default/files/component_datasheet/16x2\%20LCD\%20Datasheet.pdf",
    urldate={2021}


}